<record><leader>00000cas a2200000 a 4500</leader><controlfield tag="001">42457615</controlfield><controlfield tag="008">990929d18951898oruwr ne      0    0eng c</controlfield><datafield ind1=" " ind2=" " tag="010"><subfield code="a">sn 99063948 </subfield></datafield><datafield ind1=" " ind2=" " tag="040"><subfield code="a">OCN</subfield><subfield code="b">eng</subfield><subfield code="c">OCN</subfield><subfield code="d">OCL</subfield><subfield code="d">OCLCQ</subfield><subfield code="d">OCLCF</subfield><subfield code="d">OCLCO</subfield></datafield><datafield ind1=" " ind2=" " tag="042"><subfield code="a">pcc</subfield></datafield><datafield ind1=" " ind2=" " tag="043"><subfield code="a">n-us-or</subfield></datafield><datafield ind1="0" ind2=" " tag="130"><subfield code="a">Weekly Oregon statesman (Salem, Or. : 1895)</subfield></datafield><datafield ind1="1" ind2="0" tag="245"><subfield code="a">Weekly Oregon statesman.</subfield></datafield><datafield ind1="1" ind2=" " tag="246"><subfield code="i">Masthead title on final issue:</subfield><subfield code="a">Oregon weekly statesman</subfield></datafield><datafield ind1=" " ind2=" " tag="260"><subfield code="a">Salem, Or. :</subfield><subfield code="b">Statesman Pub. Co.,</subfield><subfield code="c">1895-1898.</subfield></datafield><datafield ind1=" " ind2=" " tag="300"><subfield code="a">v.</subfield></datafield><datafield ind1=" " ind2=" " tag="310"><subfield code="a">Weekly</subfield></datafield><datafield ind1="0" ind2=" " tag="362"><subfield code="a">45th year (June 28, 1895)-v.47, no. 3 (Mar. 25, 1898).</subfield></datafield><datafield ind1=" " ind2=" " tag="500"><subfield code="a">Includes weekly supplement called: The Willamette farmer.</subfield></datafield><datafield ind1=" " ind2="0" tag="651"><subfield code="a">Salem (Or.)</subfield><subfield code="v">Newspapers.</subfield></datafield><datafield ind1=" " ind2="7" tag="655"><subfield code="a">Newspapers.</subfield><subfield code="2">fast</subfield><subfield code="0">(OCoLC)fst01423814</subfield></datafield><datafield ind1=" " ind2="7" tag="651"><subfield code="a">Oregon</subfield><subfield code="z">Salem.</subfield><subfield code="2">fast</subfield><subfield code="0">(OCoLC)fst01202924</subfield></datafield><datafield ind1="0" ind2="2" tag="740"><subfield code="a">Willamette farmer.</subfield></datafield><datafield ind1=" " ind2=" " tag="752"><subfield code="a">United States</subfield><subfield code="b">Oregon</subfield><subfield code="c">Marion</subfield><subfield code="d">Salem.</subfield></datafield><datafield ind1="0" ind2=" " tag="775"><subfield code="t">Daily Oregon statesman (Salem, Or. : 1889)</subfield><subfield code="w">(OCoLC)30655776</subfield></datafield><datafield ind1="0" ind2=" " tag="775"><subfield code="t">Oregon daily statesman (Salem, Or. : 1896)</subfield><subfield code="w">(OCoLC)33883616</subfield></datafield><datafield ind1="0" ind2="0" tag="780"><subfield code="t">Weekly Oregon statesman and Pacific agriculturist</subfield></datafield><datafield ind1="0" ind2="0" tag="785"><subfield code="t">Oregon statesman (Salem, Or. : 1898 : Weekly)</subfield><subfield code="w">(OCoLC)42457779</subfield></datafield></record>